%
% https://alpha.bn.org.pl/
% http://www.ottobib.com/ 
%

@Preamble{ {\providecommand{\noopsort}[1]{}} }

@Book{frac2012o,
	author = {Frąc, Czesław},
	title = {O sygnałach bez całek},
	publisher = {Pracownia Wydawnicza ,,ElSet''},
	year = {2012},
	address = {Olsztyn},
	isbn = {978-83-62863-27-3}
}

@Book{szabatin2003podstawy,
	author = {Szabatin, Jerzy},
	title = {Podstawy teorii sygnałów},
	publisher = {Wydawnictwa Komunikacji i Łączności},
	year = {2003},
	address = {Warszawa},
	isbn = {978-83-206-1331-5}
}

@Book{wesolowski2003podstawy,
	author = {Wesołowski, Krzysztof},
	title = {Podstawy cyfrowych systemów telekomunikacyjnych},
	publisher = {Wydawnictwa Komunikacji i Łączności},
	year = {2003},
	address = {Warszawa},
	isbn = {83-206-1508-9}
}

@Book{lipinski2001modulacja,
	author = {Lipiński, Wojciech},
	title = {Modulacja, kodowanie i transmisja w systemach telekomunikacyjnych},
	publisher = {Wydawnictwo Uczelniane Politechniki Szczecińskiej},
	year = {2001},
	address = {Szczecin},
	isbn = {8387423947}
}

@Book{horowitz2009sztuka,
	author = {Horowitz, Paul},
	title = {Sztuka elektroniki},
	publisher = {Wydawnictwa Komunikacji i Łączności},
	year = {2009},
	address = {Warszawa},
	isbn = {9788320611281}
}

@Book{bienkowski1988poradnik,
	author = {Bieńkowski, Zdzisław},
	title = {Poradnik ultrakrótkofalowca},
	publisher = {Wydawnictwa Komunikacji i Łączności},
	year = {1988},
	address = {Warszawa},
	isbn = {8320607167}
}

@Book{hennel2010jak,
	author = {Hennel, Jacek},
	title = {Jak zrozumieć falki: podstawy falkowej analizy sygnałów},
	publisher = {ZamKor},
	year = {2010},
	address = {Kraków},
	isbn = {9788360793732}
}

@Book{jackowski2005telekomunikacja,
	author = {Jackowski, Stefan},
	title = {Telekomunikacja},
	publisher = {Politechnika Radomska},
	year = {2005},
	address = {Radom},
	isbn = {8373511040}
}

@Book{lesnicki2014technika,
	author = {Leśnicki, Andrzej},
	title = {Technika cyfrowego przetwarzania sygnałów},
	publisher = {Wydawnictwo Politechniki Gdańskiej},
	year = {2014},
	address = {Gdańsk},
	isbn = {9788373485525}
}

@Book{bialasiewicz2004falki,
	author = {Białasiewicz, Jan},
	title = {Falki i aproksymacje},
	publisher = {Wydawnictwa Naukowo-Techniczne},
	year = {2004},
	address = {Warszawa},
	isbn = {8320429714}
}

@Book{zielinski2014cyfrowe,
	author = {Zieliński, Tomasz},
	title = {Cyfrowe przetwarzanie sygnałów w telekomunikacji: podstawy, multimedia, transmisja},
	publisher = {Wydawnictwo Naukowe PWN},
	year = {2014},
	address = {Warszawa},
	isbn = {9788301174453}
}

@Book{smith2007cyfrowe,
	author = {Smith, Steven},
	title = {Cyfrowe przetwarzanie sygnałów: praktyczny poradnik dla inżynierów i naukowców},
	publisher = {Wydawnictwo BTC},
	year = {2007},
	address = {Warszawa},
	isbn = {9788360233184}
}

@Book{lipinski2003transmisja,
	author = {Lipiński, Wojciech},
	title = {Transmisja danych w telefonii komórkowej},
	publisher = {Wydawnictwo Uczelniane Politechniki Szczecińskiej},
	year = {2003},
	address = {Szczecin},
	isbn = {8388764225}
}

@Book{purczynski2000wybrane,
	author = {Purczyński, Jan},
	title = {Wybrane zagadnienia teorii sygnałów},
	publisher = {Wydawnictwo Uczelniane Politechniki Szczecińskiej},
	year = {2000},
	address = {Szczecin},
	isbn = {8387423440}
}

@Book{schulze2005theory,
	author = {Schulze, Henrik},
	title = {Theory and applications of OFDM and CDMA wideband wireless communications},
	publisher = {Wiley},
	year = {2005},
	address = {Chichester, England},
	isbn = {978-0-470-85069-5}
}

@Book{zlelinski2007cyfrowe,
	author = {Zieliński, Tomasz},
	title = {Cyfrowe przetwarzanie sygnałów: od teorii do zastosowań},
	publisher = {Wydawnictwa Komunikacji i Łączności},
	year = {2007},
	address = {Warszawa},
	isbn = {9788320616408}
}

@Book{hajduk2009wprowadzenie,
	author = {Hajduk, Zbigniew},
	title = {Wprowadzenie do języka VERILOG},
	publisher = {Wydawnictwo BTC},
	year = {2009},
	address = {Legionowo},
	isbn = {9788360233504}
}

@Book{wilkinson2003uklady,
	author = {Wilkinson, Barry},
	title = {Układy cyfrowe},
	publisher = {Wydawnictwa Komunikacji i Łączności},
	year = {2003},
	address = {Warszawa},
	isbn = {8320613272}
}

@Book{tariov2008wprowadzenie,
	author = {{\noopsort{Tariov}}{Ţariov}, Aleksandr},
	title = {Wprowadzenie do modelowania sygnałów telekomunikacyjnych w środowisku Matlab-Simulink},
	publisher = {Wydawnictwo Uczelniane Politechniki Szczecińskiej},
	year = {2008},
	address = {Szczecin},
	isbn = {9788374570343}
}

@Book{hanzo2002adaptive,
	author = {Hanzo, Lajos},
	title = {Adaptive wireless transceivers turbo-coded, turbo-equalized and space-time coded TDMA, CDMA, and OFDM systems},
	publisher = {Wiley},
	year = {2002},
	address = {New York, USA},
	isbn = {978-0-470-84689-6}
}

@Book{gast2003802.11,
	author = {Gast, Matthew},
	title = {802.11 - sieci bezprzewodowe: przewodnik encyklopedyczny},
	publisher = {Helion},
	year = {2003},
	address = {Gliwice},
	isbn = {8373611630}
}

@Book{majewski2007uklady,
	author = {Majewski, Jacek},
	title = {Układy FPGA w przykładach},
	publisher = {Wydawnictwo BTC},
	year = {2007},
	address = {Warszawa},
	isbn = {9788360233238}
}

@Book{janos2004vademecum,
	author = {Janoś, Tomasz},
	title = {Vademecum teleinformatyka III: komunikacja mobilna, bezpieczeństwo, technologie i protokoły sieciowe},
	publisher = {IDG Poland},
	year = {2004},
	address = {Warszawa},
	isbn = {83-903252-6-8}
}

@Book{holubowicz1998systemy,
	author = {Hołubowicz, Witold},
	title = {Systemy radiowe z rozpraszaniem widma, CDMA: teoria, standardy, aplikacje},
	publisher = {Motorola Polska},
	year = {1998},
	address = {Poznań},
	isbn = {8390988011}
}





