%
% https://alpha.bn.org.pl/
% http://www.ottobib.com/ 
%

@misc{alt14cyc4dh,
	author = "Altera",
	title = "\textit{Cyclone IV Device Handbook}",
	howpublished = {\url{https://www.altera.com/literature/hb/cyclone-iv/cyclone4-handbook.pdf}},
	year = {2014},
	note = "Volume 1, 2, 3"
}

@misc{alt16int2ip,
	author = "Altera",
	title = "\textit{Introduction to Altera IP Cores}",
	howpublished = {\url{https://www.altera.com/literature/ug/ug_intro_to_megafunctions.pdf}},
	year = {2016},
}

@misc{alt14pllug,
	author = "Altera",
	title = "\textit{ALTPLL (Phase-Locked Loop) IP Core User Guide}",
	howpublished = {\url{https://www.altera.com/literature/ug/ug_altpll.pdf}},
	year = {2014},
}

@misc{alt15fpug,
	author = "Altera",
	title = "\textit{Floating-Point IP Cores User Guide}",
	howpublished = {\url{https://www.altera.com/en_US/pdfs/literature/ug/ug_altfp_mfug.pdf}},
	year = {2015},
}

@misc{alt15firug,
	author = "Altera",
	title = "\textit{FIR II IP Core User Guide}",
	howpublished = {\url{https://www.altera.com/literature/ug/ug_fir_compiler_ii.pdf}},
	year = {2015},
}

@misc{alt14ncoug,
	author = "Altera",
	title = "\textit{NCO IP Core User Guide}",
	howpublished = {\url{https://www.altera.com/en_US/pdfs/literature/ug/ug_nco.pdf}},
	year = {2014},
}

@misc{alt14cicug,
	author = "Altera",
	title = "\textit{CIC IP Core User Guide}",
	howpublished = {\url{https://www.altera.com/en_US/pdfs/literature/ug/ug_cic.pdf}},
	year = {2014},
}

@misc{alt07ucic,
	author = "Altera",
	title = "\textit{AN455: Understanding CIC Compensation Filters}",
	howpublished = {\url{https://www.altera.com/en_US/pdfs/literature/an/an455.pdf}},
	year = {2007},
}

@misc{ter12de0man,
	author = "Terasic",
	title = "\textit{DE0-Nano User Manual}",
	howpublished = {\url{ftp://ftp.altera.com/up/pub/Altera_Material/Boards/DE0-Nano/DE0_Nano_User_Manual.pdf}},
	year = {2012}
}

@misc{ter12de0sch,
	author = "Terasic",
	title = "\textit{DE0-Nano Schematic}",
	howpublished = {\url{ftp://ftp.altera.com/up/pub/Altera_Material/Boards/DE0-Nano/DE0_Nano_Datasheets.zip}},
	year = {2012}
}

@misc{lin09ltc2208,
	author = "\mbox{Linear Technology}",
	title = "\textit{LTC2208 - 16-Bit, 130Msps ADC}",
	howpublished = {\url{http://www.linear.com/product/LTC2208}}
}

@misc{lin09ltc6405,
	author = "\mbox{Linear Technology}",
	title = "\textit{LTC6405 - 2.7GHz, 5V, Low Noise, Rail-to-Rail Input Differential Amplifier/Driver}",
	howpublished = {\url{http://www.linear.com/product/LTC6405}}
}

@misc{lin12therm,
	author = "\mbox{Linear Technology}",
	title = "\textit{Application Notes for Thermally Enhanced Leaded Plastic Packages}",
	howpublished = {\url{http://www.linear.com/docs/42139}},
	year = {2012}
}

@misc{int11bypass,
	author = "Intersil",
	title = "\textit{AN1325: Choosing and Using Bypass Capacitors}",
	howpublished = {\url{https://www.intersil.com/data/an/an1325.pdf}},
	year = {2011}
}

@misc{mur10noisesup,
	author = "Murata",
	title = "\textit{Application Manual for Power Supply Noise Suppression and Decoupling for Digital ICs}",
	howpublished = {\url{http://www.murata.com/~/media/webrenewal/support/library/catalog/products/emc/emifil/c39e.ashx}},
	year = {2010}
}

@misc{sky11rfdiode,
	author = "Skyworks",
	title = "\textit{RF Diode Design Guide}",
	howpublished = {\url{http://www.skyworksinc.com/downloads/literature/RF_Diode_Design_Guide.pdf}},
	year = {2011}
}

@misc{sky08pin,
	author = "Skyworks",
	title = "\textit{PIN Limiter Diodes in Receiver Protectors}",
	howpublished = {\url{http://www.skyworksinc.com/uploads/documents/200480C.pdf}},
	year = {2008}
}

@misc{vec14sigtypes,
	author = "Vectron",
	title = "\textit{Signal Types and Terminators}",
	howpublished = {\url{http://www.vectron.com/products/literature_library/Signal_Types_and_Terminations.pdf}},
	year = {2014}
}

@misc{ti13ousampl,
	author = "{Texas Instruments}",
	title = "\textit{SLAA594A: Why Oversample when Undersampling can do the Job?}",
	howpublished = {\url{http://www.ti.com/lit/an/slaa594a/slaa594a.pdf}},
	year = {2013}
}

@misc{ti11adcbasics,
	author = "{Texas Instruments}",
	title = "\textit{SLAA510: High-Speed, Analog-to-Digital Converter Basics}",
	howpublished = {\url{http://www.ti.com/lit/an/slaa510/slaa510.pdf}},
	year = {2011}
}


%%%
%%%
%%%

@misc{usrp,
	author = "{Ettus Research}",
	title = "\textit{USRP Software Defined Radio}",
	howpublished = {\url{https://www.ettus.com/product}},
}

@misc{hackrf,
	author = "{Great Scott Gadgets}",
	title = "\textit{HackRF One}",
	howpublished = {\url{https://greatscottgadgets.com/hackrf/}},
}

@misc{sdrlist,
	author = "{Wikipedia}",
	title = "\textit{List of software-defined radios}",
	howpublished = {\url{https://en.wikipedia.org/wiki/List_of_software-defined_radios}},
}

@misc{qucs,
	author = "{Qucs}",
	title = "\textit{Quite Universal Circuit Simulator}",
	howpublished = {\url{http://qucs.sourceforge.net/}},
}

@misc{opup,
	author = "{Opendous}",
	title = "\textit{Upconverter 125 MHz: Passive Upconverter Hardware Design for SDR}",
	howpublished = {\url{https://github.com/opendous/Upconverter1v3}},
}

@misc{openmerc,
	author = "{OpenHPSDR}",
	title = "\textit{Mercury -- a direct sampling front end}",
	howpublished = {\url{http://openhpsdr.org/mercury.php}},
}

@misc{openher,
	author = "{OpenHPSDR}",
	title = "\textit{Hermes -- a DUC/DDC transceiver}",
	howpublished = {\url{http://openhpsdr.org/hermes.php}},
}

@misc{hiqsdr,
	author = "{N2ADR}",
	title = "\textit{HiQSDR: a Software Defined Radio Transceiver}",
	howpublished = {\url{http://hiqsdr.com/}},
}

@misc{elecrow,
	author = "{Elecrow}",
	title = "\textit{PCB Prototyping}",
	howpublished = {\url{http://www.elecrow.com/}},
}

@misc{alteval,
	author = "{Altera}",
	title = "\textit{IP Evaluation and Purchase}",
	howpublished = {\url{https://www.altera.com/support/support-resources/download/megacore-ip.html}},
}

@misc{terde0page,
	author = "{Terasic}",
	title = "\textit{DE0-Nano Development and Education Board}",
	howpublished = {\url{http://de0-nano.terasic.com.tw/}},
}

@misc{embgoertzel,
	author = "Kevin Banks",
	title = "\textit{The Goertzel Algorithm}",
	howpublished = {\url{http://www.embedded.com/design/configurable-systems/4024443/The-Goertzel-Algorithm}},
}

