%
% https://alpha.bn.org.pl/
% http://www.ottobib.com/ 
%

@misc{lin13pcbadc,
	author = {Derek Redmayne},
	title = {\textit{A Short Course in PCB Layout for High-Speed ADCs}},
	howpublished = {\url{http://www.linear.com/solutions/1809}},
%	note = "DostÄ™p 25.02.2016"
	year = 2013 
}

@article{john85sdr,
	author  = {P Johnson}, 
	title   = {\textit{New research lab leads to unique radio receiver}},
	journal = {E-Systems Team},
	year    = 1985,
	number  = 4,
	pages   = {6-7},
	volume  = 5
}

@article{mitola92sr,
	author  = {Joe Mitola}, 
	title   = {\textit{Software Radios: Survey, Critical Evaluation and Future Directions}},
	journal = {IEEE Aerospace and Electronic Systems Magazine},
	year    = 1993,
	number  = 4,
	pages   = {25-36},
	volume  = 8
}

@article{bauch09dcf,
	author  = {Andreas Bauch and Peter Hetzel and Dirk Piester}, 
	title   = {\textit{Time and Frequency Dissemination with {DCF77}: From 1959 to 2009 and beyond}},
	journal = {PTB-Mitteilungen},
	year    = 2009,
	number  = 3,
	volume  = 119
}

@article{ott01pcb,
	author  = {{Henry W.} Ott}, 
	title   = {\textit{Partitioning and Layout of a Mixed-Signal PCB}},
	journal = {Printer Circuit Design \& Fab},
	year    = 2001
}

