%
% https://alpha.bn.org.pl/
% http://www.ottobib.com/ 
%

@misc{lin13pcbadc,
	author = {Derek Redmayne},
	title = {\textit{A Short Course in PCB Layout for High-Speed ADCs}},
	howpublished = {\url{http://www.linear.com/solutions/1809}},
	year = {2013}, 
	note = "DostÄ™p 25.02.2016"
}

